% Encoding: UTF-8

@Article{Main,
  author  = {Alan M. Turing},
  title   = {Computing Machinery and Intelligence},
  journal = {Mind},
  year    = {1950},
}

@Article{Counterpoint,
  author  = {Klaus-Peter Adlassnig},
  title   = {Artificial-intelligence-augmented Systems},
  journal = {Artificial Intelligence in Medicine},
  year    = {2002},
}

@Article{AIProgress,
  author  = {Michael Newman},
  title   = {Professional and Expert Systems: A Meeting of Minds},
  journal = {SIGCAS Computers and Society},
  year    = {1988},
}

@InProceedings{Infants,
  author    = {Thomas L. Jones},
  title     = {A Computer Model of Simple Forms of Learning in Infants},
  booktitle = {Proceedings of the May 16-18, 1972, Spring Joint Computer Conference},
  year      = {1972},
}

@Article{Whathow,
  author  = {Edward A. Feigenbaum},
  title   = {How the "What" Becomes the "How"},
  journal = {Communications of the ACM},
  year    = {1996},
}

@InProceedings{Decisions,
  author    = {Francis D. Tuggle, F. Hutton Barron, Richard O. Day},
  title     = {Simulation of an Individual Making Decisions Under Uncertainty},
  booktitle = {Proceedings of the 6th Conference on Winter Simulation},
  year      = {1973},
}
